
% Journals

% First the Full Name is given, then the abbreviation used in the AMS Math
% Reviews, with an indication if it could not be found there.
% Note the 2nd overwrites the 1st, so swap them if you want the full name.

 %{AMS}
 @String{AMSTrans = "American Mathematical Society Translations" }
 @String{AMSTrans = "Amer. Math. Soc. Transl." }
 @String{BullAMS = "Bulletin of the American Mathematical Society" }
 @String{BullAMS = "Bull. Amer. Math. Soc." }
 @String{ProcAMS = "Proceedings of the American Mathematical Society" }
 @String{ProcAMS = "Proc. Amer. Math. Soc." }
 @String{TransAMS = "Transactions of the American Mathematical Society" }
 @String{TransAMS = "Trans. Amer. Math. Soc." }

 %ACM
 @String{CACM = "Communications of the {ACM}" }
 @String{CACM = "Commun. {ACM}" }
 @String{CompServ = "Comput. Surveys" }
 @String{JACM = "J. ACM" }
 @String{ACMMathSoft = "{ACM} Transactions on Mathematical Software" }
 @String{ACMMathSoft = "{ACM} Trans. Math. Software" }
 @String{SIGNUM = "{ACM} {SIGNUM} Newsletter" }
 @String{SIGNUM = "{ACM} {SIGNUM} Newslett." }

 @String{AmerSocio = "American Journal of Sociology" }
 @String{AmerStatAssoc = "Journal of the American Statistical Association" }
 @String{AmerStatAssoc = "J. Amer. Statist. Assoc." }
 @String{ApplMathComp = "Applied Mathematics and Computation" }
 @String{ApplMathComp = "Appl. Math. Comput." }
 @String{AmerMathMonthly = "American Mathematical Monthly" }
 @String{AmerMathMonthly = "Amer. Math. Monthly" }
 @String{BIT = "{BIT}" }
 @String{BritStatPsych = "British Journal of Mathematical and Statistical
          Psychology" }
 @String{BritStatPsych = "Brit. J. Math. Statist. Psych." }
 @String{CanMathBull = "Canadian Mathematical Bulletin" }
 @String{CanMathBull = "Canad. Math. Bull." }
 @String{CompApplMath = "Journal of Computational and Applied Mathematics" }
 @String{CompApplMath = "J. Comput. Appl. Math." }
 @String{CompPhys = "Journal of Computational Physics" }
 @String{CompPhys = "J. Comput. Phys." }
 @String{CompStruct = "Computers and Structures" }
 @String{CompStruct = "Comput. \& Structures" }
 @String{CompJour = "The Computer Journal" }
 @String{CompJour = "Comput. J." }
 @String{CompSysSci = "Journal of Computer and System Sciences" }
 @String{CompSysSci = "J. Comput. System Sci." }
 @String{Computing = "Computing" }
 @String{ContempMath = "Contemporary Mathematics" }
 @String{ContempMath = "Contemp. Math." }
 @String{Crelle = "Crelle's Journal" }
 @String{GiornaleMath = "Giornale di Mathematiche" }
 @String{GiornaleMath = "Giorn. Mat." } % didn't find in AMS MR., ibid.

 %IEEE
 @String{Computer = "{IEEE} Computer" }
 @String{IEEETransComp = "{IEEE} Transactions on Computers" }
 @String{IEEETransComp = "{IEEE} Trans. Comput." }
 @String{IEEETransAC = "{IEEE} Transactions on Automatic Control" }
 @String{IEEETransAC = "{IEEE} Trans. Automat. Control" }
 @String{IEEESpec = "{IEEE} Spectrum" } % didn't find in AMS MR
 @String{ProcIEEE = "Proceedings of the {IEEE}" }
 @String{ProcIEEE = "Proc. {IEEE}" } % didn't find in AMS MR
 @String{IEEETransAeroElec = "{IEEE} Transactions on Aerospace and Electronic
     Systems" }
 @String{IEEETransAeroElec = "{IEEE} Trans. Aerospace Electron. Systems" }

 @String{IMANumerAna = "{IMA} Journal of Numerical Analysis" }
 @String{IMANumerAna = "{IMA} J. Numer. Anal." }
 @String{InfProcLet = "Information Processing Letters" }
 @String{InfProcLet = "Inform. Process. Lett." }
 @String{InstMathApp = "Journal of the Institute of Mathematics and
     its Applications" }
 @String{InstMathApp = "J. Inst. Math. Appl." }
 @String{IntControl = "International Journal of Control" }
 @String{IntControl = "Internat. J. Control" }
 @String{IntNumerEng = "International Journal for Numerical Methods in
     Engineering" }
 @String{IntNumerEng = "Internat. J. Numer. Methods Engrg." }
 @String{IntSuper = "International Journal of Supercomputing Applications" }
 @String{IntSuper = "Internat. J. Supercomputing Applic." } % didn't find
%% in AMS MR
 @String{Kibernetika = "Kibernetika" }
 @String{JResNatBurStand = "Journal of Research of the National Bureau
     of Standards" }
 @String{JResNatBurStand = "J. Res. Nat. Bur. Standards" }
 @String{LinAlgApp = "Linear Algebra and its Applications" }
 @String{LinAlgApp = "Linear Algebra Appl." }
 @String{MathAnaAppl = "Journal of Mathematical Analysis and Applications" }
 @String{MathAnaAppl = "J. Math. Anal. Appl." }
 @String{MathAnnalen = "Mathematische Annalen" }
 @String{MathAnnalen = "Math. Ann." }
 @String{MathPhys = "Journal of Mathematical Physics" }
 @String{MathPhys = "J. Math. Phys." }
 @String{MathComp = "Mathematics of Computation" }
 @String{MathComp = "Math. Comp." }
 @String{MathScand = "Mathematica Scandinavica" }
 @String{MathScand = "Math. Scand." }
 @String{TablesAidsComp = "Mathematical Tables and Other Aids to Computation" }
 @String{TablesAidsComp = "Math. Tables Aids Comput." }
 @String{NumerMath = "Numerische Mathematik" }
 @String{NumerMath = "Numer. Math." }
 @String{PacificMath = "Pacific Journal of Mathematics" }
 @String{PacificMath = "Pacific J. Math." }
 @String{ParDistComp = "Journal of Parallel and Distributed Computing" }
 @String{ParDistComp = "J. Parallel and Distrib. Comput." } % didn't find
%% in AMS MR
 @String{ParComputing = "Parallel Computing" }
 @String{ParComputing = "Parallel Comput." }
 @String{PhilMag = "Philosophical Magazine" }
 @String{PhilMag = "Philos. Mag." }
 @String{ProcNAS = "Proceedings of the National Academy of Sciences
                    of the USA" }
 @String{ProcNAS = "Proc. Nat. Acad. Sci. U. S. A." }
 @String{Psychometrika = "Psychometrika" }
 @String{QuartMath = "Quarterly Journal of Mathematics, Oxford, Series (2)" }
 @String{QuartMath = "Quart. J. Math. Oxford Ser. (2)" }
 @String{QuartApplMath = "Quarterly of Applied Mathematics" }
 @String{QuartApplMath = "Quart. Appl. Math." }
 @String{RevueInstStat = "Review of the International Statisical Institute" }
 @String{RevueInstStat = "Rev. Inst. Internat. Statist." }

 %SIAM
 @String{JSIAM = "Journal of the Society for Industrial and Applied
     Mathematics" }
 @String{JSIAM = "J. Soc. Indust. Appl. Math." }
 @String{JSIAMB = "Journal of the Society for Industrial and Applied
     Mathematics, Series B, Numerical Analysis" }
 @String{JSIAMB = "J. Soc. Indust. Appl. Math. Ser. B Numer. Anal." }
 @String{SIAMAlgMeth = "{SIAM} Journal on Algebraic and Discrete Methods" }
 @String{SIAMAlgMeth = "{SIAM} J. Algebraic Discrete Methods" }
 @String{SIAMAppMath = "{SIAM} Journal on Applied Mathematics" }
 @String{SIAMAppMath = "{SIAM} J. Appl. Math." }
 @String{SIAMComp = "{SIAM} Journal on Computing" }
 @String{SIAMComp = "{SIAM} J. Comput." }
 @String{SIAMMatrix = "{SIAM} Journal on Matrix Analysis and Applications" }
 @String{SIAMMatrix = "{SIAM} J. Matrix Anal. Appl." }
 @String{SIAMNumAnal = "{SIAM} Journal on Numerical Analysis" }
 @String{SIAMNumAnal = "{SIAM} J. Numer. Anal." }
 @String{SIAMReview = "{SIAM} Review" }
 @String{SIAMReview = "{SIAM} Rev." }
 @String{SIAMSciStat = "{SIAM} Journal on Scientific and Statistical
     Computing" }
 @String{SIAMSciStat = "{SIAM} J. Sci. Statist. Comput." }

 @String{SoftPracExp = "Software Practice and Experience" }
 @String{SoftPracExp = "Software Prac. Experience" } % didn't find in AMS MR
 @String{StatScience = "Statistical Science" }
 @String{StatScience = "Statist. Sci." }
 @String{Techno = "Technometrics" }
 @String{USSRCompMathPhys = "{USSR} Computational Mathematics and Mathematical
     Physics" }
 @String{USSRCompMathPhys = "{U. S. S. R.} Comput. Math. and Math. Phys." }
 @String{VLSICompSys = "Journal of {VLSI} and Computer Systems" }
 @String{VLSICompSys = "J. {VLSI} Comput. Syst." }
 @String{ZAngewMathMech = "Zeitschrift fur Angewandte Mathematik und
     Mechanik" }
 @String{ZAngewMathMech = "Z. Angew. Math. Mech." }
 @String{ZAngewMathPhys = "Zeitschrift fur Angewandte Mathematik und Physik" }
 @String{ZAngewMathPhys = "Z. Angew. Math. Phys." }

% Publishers % ================================================= |

 @String{Academic = "Academic Press" }
 @String{ACMPress = "{ACM} Press" }
 @String{AdamHilger = "Adam Hilger" }
 @String{AddisonWesley = "Addison-Wesley" }
 @String{AllynBacon = "Allyn and Bacon" }
 @String{AMS = "American Mathematical Society" }
 @String{Birkhauser = "Birkha{\"u}ser" }
 @String{CambridgePress = "Cambridge University Press" }
 @String{Chelsea = "Chelsea" }
 @String{ClaredonPress = "Claredon Press" }
 @String{DoverPub = "Dover Publications" }
 @String{Eyolles = "Eyolles" }
 @String{HoltRinehartWinston = "Holt, Rinehart and Winston" }
 @String{Interscience = "Interscience" }
 @String{JohnsHopkinsPress = "The Johns Hopkins University Press" }
 @String{JohnWileySons = "John Wiley and Sons" }
 @String{Macmillan = "Macmillan" }
 @String{MathWorks = "The Math Works Inc." }
 @String{McGrawHill = "McGraw-Hill" }
 @String{NatBurStd = "National Bureau of Standards" }
 @String{NorthHolland = "North-Holland" }
 @String{OxfordPress = "Oxford University Press" }  %address Oxford or London?
 @String{PergamonPress = "Pergamon Press" }
 @String{PlenumPress = "Plenum Press" }
 @String{PrenticeHall = "Prentice-Hall" }
 @String{SIAMPub = "{SIAM} Publications" }
 @String{Springer = "Springer-Verlag" }
 @String{TexasPress = "University of Texas Press" }
 @String{VanNostrand = "Van Nostrand" }
 @String{WHFreeman = "W. H. Freeman and Co." }

%Entries



@inproceedings{62,
title	= {MapReduce: Simplified Data Processing on Large Clusters},
author	= {Jeffrey Dean and Sanjay Ghemawat},
year	= {2004},
booktitle	= {OSDI'04: Sixth Symposium on Operating System Design and Implementation},
pages	= {137--150},
address	= {San Francisco, CA}
}

@inproceedings{27898,
title	= {Bigtable: A Distributed Storage System for Structured Data},
author	= {Fay Chang and Jeffrey Dean and Sanjay Ghemawat and Wilson C. Hsieh and Deborah A. Wallach and Mike Burrows and Tushar Chandra and Andrew Fikes and Robert E. Gruber},
year	= {2006},
booktitle	= {7th {USENIX} Symposium on Operating Systems Design and Implementation (OSDI)},
pages	= {205--218}
}

@article{lee2012parallel,
  title={Parallel data processing with MapReduce: a survey},
  author={Lee, Kyong-Ha and Lee, Yoon-Joon and Choi, Hyunsik and Chung, Yon Dohn and Moon, Bongki},
  journal={AcM sIGMoD Record},
  volume={40},
  number={4},
  pages={11--20},
  year={2012},
  publisher={ACM New York, NY, USA}
}


@article{pigul2012comparative,
  title={Comparative Study parallel join algorithms for MapReduce environment},
  author={Pigul, A},
  journal={Труды Института системного программирования РАН},
  volume={23},
  year={2012},
  publisher={Федеральное государственное бюджетное учреждение науки Институт системного~…}
}


@phdthesis{andreas2010designing,
  title={Designing a Parallel Query Engine over Map/Reduce},
  author={Andreas, Chatzistergiou},
  year={2010},
  school={Citeseer}
}

@article{luo2010adaptive,
  title={Adaptive join plan generation in hadoop},
  author={Luo, Gang and Dong, Liang},
  journal={Duke University, Durham NC, USA},
  year={2010},
  publisher={Citeseer}
}

@inproceedings{blanas2010comparison,
  title={A comparison of join algorithms for log processing in mapreduce},
  author={Blanas, Spyros and Patel, Jignesh M and Ercegovac, Vuk and Rao, Jun and Shekita, Eugene J and Tian, Yuanyuan},
  booktitle={Proceedings of the 2010 ACM SIGMOD International Conference on Management of data},
  pages={975--986},
  year={2010}
}

@article{lin2010data,
  title={Data-intensive text processing with MapReduce},
  author={Lin, Jimmy and Dyer, Chris},
  journal={Synthesis Lectures on Human Language Technologies},
  volume={3},
  number={1},
  pages={1--177},
  year={2010},
  publisher={Morgan \& Claypool Publishers}
}

@inproceedings{matono2015improvement,
  title={Improvement of Join Algorithms for Low-Selectivity Joins on MapReduce},
  author={Matono, Akiyoshi and Ogawa, Hirotaka and Kojima, Isao},
  booktitle={Australasian Database Conference},
  pages={117--128},
  year={2015},
  organization={Springer}
}

@article{zhang2013efficient,
  title={Efficient processing distributed joins with bloomfilter using mapreduce},
  author={Zhang, Changchun and Wu, Lei and Li, Jing},
  journal={International Journal of Grid and Distributed Computing},
  volume={6},
  number={3},
  pages={43--58},
  year={2013}
}

@inproceedings{10.1145/1247480.1247602,
author = {Yang, Hung-chih and Dasdan, Ali and Hsiao, Ruey-Lung and Parker, D. Stott},
title = {Map-Reduce-Merge: Simplified Relational Data Processing on Large Clusters},
year = {2007},
isbn = {9781595936868},
publisher = {Association for Computing Machinery},
address = {New York, NY, USA},
url = {https://doi.org/10.1145/1247480.1247602},
doi = {10.1145/1247480.1247602},
abstract = {Map-Reduce is a programming model that enables easy development of scalable parallel applications to process a vast amount of data on large clusters of commodity machines. Through a simple interface with two functions, map and reduce, this model facilitates parallel implementation of many real-world tasks such as data processing jobs for search engines and machine learning.However,this model does not directly support processing multiple related heterogeneous datasets. While processing relational data is a common need, this limitation causes difficulties and/or inefficiency when Map-Reduce is applied on relational operations like joins.We improve Map-Reduce into a new model called Map-Reduce-Merge. It adds to Map-Reduce a Merge phase that can efficiently merge data already partitioned and sorted (or hashed) by map and reduce modules. We also demonstrate that this new model can express relational algebra operators as well as implement several join algorithms.},
booktitle = {Proceedings of the 2007 ACM SIGMOD International Conference on Management of Data},
pages = {1029–1040},
numpages = {12},
keywords = {parallel, distributed, join, relational, map-reduce, search engine, map-reduce-merge, cluster, data processing},
location = {Beijing, China},
series = {SIGMOD '07}
}

@inproceedings{okcan2011processing,
  title={Processing theta-joins using MapReduce},
  author={Okcan, Alper and Riedewald, Mirek},
  booktitle={Proceedings of the 2011 ACM SIGMOD International Conference on Management of data},
  pages={949--960},
  year={2011}
}

@article{lu2012efficient,
  title={Efficient processing of k nearest neighbor joins using mapreduce},
  author={Lu, Wei and Shen, Yanyan and Chen, Su and Ooi, Beng Chin},
  journal={arXiv preprint arXiv:1207.0141},
  year={2012}
}

@phdthesis{atta2010implementation,
  title={Implementation and analysis of join algorithms to handle skew for the Hadoop Map/Reduce framework},
  author={Atta, Fariha},
  year={2010},
  school={Master’s thesis, MSc Informatics, School of Informatics, University of Edinburgh}
}

@article{al2020analysis,
  title={An Analysis of Two-Way Equi-Join Algorithms Under MapReduce},
  author={Al-Badarneh, Amer F and Rababa, Salahaldeen Atef},
  journal={Journal of King Saud University-Computer and Information Sciences},
  year={2020},
  publisher={Elsevier}
}